<record><leader>00000cas a22000007a 4500</leader><controlfield tag="001">12357350</controlfield><controlfield tag="008">850807d195519uumau x ne      0    0lav  </controlfield><datafield ind1=" " ind2=" " tag="010"><subfield code="a">sn 85042412 </subfield></datafield><datafield ind1=" " ind2=" " tag="040"><subfield code="a">DLC</subfield><subfield code="b">eng</subfield><subfield code="c">DLC</subfield><subfield code="d">NST</subfield><subfield code="d">MGN</subfield><subfield code="d">OCLCQ</subfield><subfield code="d">OCLCO</subfield><subfield code="d">OCLCQ</subfield><subfield code="d">OCLCF</subfield></datafield><datafield ind1=" " ind2=" " tag="012"><subfield code="i">8811</subfield></datafield><datafield ind1="1" ind2=" " tag="029"><subfield code="a">AU@</subfield><subfield code="b">000020386696</subfield></datafield><datafield ind1=" " ind2=" " tag="042"><subfield code="a">msc</subfield></datafield><datafield ind1=" " ind2=" " tag="043"><subfield code="a">n-us---</subfield></datafield><datafield ind1="0" ind2="0" tag="050"><subfield code="a">Newspaper 8178-A</subfield></datafield><datafield ind1="0" ind2="0" tag="245"><subfield code="a">Amerikas Vestnesis.</subfield></datafield><datafield ind1=" " ind2=" " tag="260"><subfield code="a">Boston, Mass. :</subfield><subfield code="b">Amerikas Vestnesis</subfield></datafield><datafield ind1=" " ind2=" " tag="300"><subfield code="a">v. :</subfield><subfield code="b">ill. ;</subfield><subfield code="c">61 cm.</subfield></datafield><datafield ind1=" " ind2=" " tag="310"><subfield code="a">Irregular</subfield></datafield><datafield ind1="1" ind2=" " tag="362"><subfield code="a">Began Oct. 11, 1955. Cf. Newspapers in microform, U.S., 1948-1983.</subfield></datafield><datafield ind1=" " ind2=" " tag="521"><subfield code="a">"Latvian newspaper."</subfield></datafield><datafield ind1=" " ind2=" " tag="546"><subfield code="a">In Latvian.</subfield></datafield><datafield ind1=" " ind2=" " tag="588"><subfield code="a">Description based on: Vol. 4, no. 48 (Nov. 27, 1958).</subfield></datafield><datafield ind1=" " ind2="0" tag="650"><subfield code="a">Latvians</subfield><subfield code="z">United States</subfield><subfield code="v">Newspapers.</subfield></datafield><datafield ind1=" " ind2="7" tag="655"><subfield code="a">Newspapers.</subfield><subfield code="2">fast</subfield><subfield code="0">(OCoLC)fst01423814</subfield></datafield><datafield ind1=" " ind2="7" tag="650"><subfield code="a">Latvians.</subfield><subfield code="2">fast</subfield><subfield code="0">(OCoLC)fst00993491</subfield></datafield><datafield ind1=" " ind2="7" tag="651"><subfield code="a">United States.</subfield><subfield code="2">fast</subfield><subfield code="0">(OCoLC)fst01204155</subfield></datafield><datafield ind1=" " ind2=" " tag="752"><subfield code="a">United States</subfield><subfield code="b">Massachusetts</subfield><subfield code="c">Suffolk</subfield><subfield code="d">Boston.</subfield></datafield><datafield ind1=" " ind2=" " tag="850"><subfield code="a">ICRL</subfield></datafield></record>